@article{Ohene2017,
  author  = "Michael Ohene",
  title   = "A Proposed General Formula to Create and
Analyze Baking Recipes",
  year    = 2017,
  link = https://ceur-ws.org/Vol-2028/paper28.pdf
}

@misc{Oxford,
  author={Oxford English Dictionary},
  title={mix VERB, Meaning and use},
  year={2002},
  note = {\url{https://www.oed.com/dictionary/mix_v?tab=meaning_and_use} [Accessed: 03.05.2024]}

  }

@misc{FrameNet,
  title        = {FrameNet},
  author       = {Berkely, University of California},
  note         = {\url{https://framenet.icsi.berkeley.edu/} [Accessed: 03.05.2024]}
}

@misc{WordNet,
  title        = {WordNet, A Lexical Database for English},
  author       = {Princeton University},
  note         = {\url{https://wordnet.princeton.edu/} [Accessed: 03.05.2024]}
}


@misc{wikihow,
  title        = {wikiHow},
  note         = {\url{https://www.wikihow.com/Main-Page} [Accessed: 03.05.2024]}
}